@PREAMBLE{
 "\providecommand{\noopsort}[1]{}"
 # "\providecommand{\singleletter}[1]{#1}%"                                                                                                                                     
}

@article{TASEHInstrumentation,
    author = "Chang, Y.-H. and others",
    title = "{Taiwan Axion Search Experiment with Haloscope}",
    eprint = "",
    archivePrefix = "arXiv",
    primaryClass = "hep-ex",
    month = "4",
    year = "2022"
}

@article{TASEHAnalysis,
    author = "Chang, Y.-H. and others",
    title = "{Taiwan Axion Search Experiment with Haloscope: CD102 Analysis Details}",
    eprint = "",
    archivePrefix = "arXiv",
    primaryClass = "hep-ex",
    month = "4",
    year = "2022"
}



@article{Read:2014qva,
    author = "Read, J. I.",
    title = "{The Local Dark Matter Density}",
    eprint = "1404.1938",
    archivePrefix = "arXiv",
    primaryClass = "astro-ph.GA",
    reportNumber = "JPHYSG-100038.R1",
    doi = "10.1088/0954-3899/41/6/063101",
    journal = "J. Phys. G",
    volume = "41",
    pages = "063101",
    year = "2014"
}



@article{Dicke,
author = {Dicke,R. H. },
title = {The Measurement of Thermal Radiation at Microwave Frequencies},
journal = {Review of Scientific Instruments},
volume = {17},
number = {7},
pages = {268-275},
year = {1946},
doi = {10.1063/1.1770483},

URL = { https://doi.org/10.1063/1.1770483
    
},
eprint = { 
        https://doi.org/10.1063/1.1770483
    
}

}


@article{QUAX,
  title = {Search for invisible axion dark matter of mass ${\mathrm{m}}_{a}=43\text{ }\text{ }\ensuremath{\mu}\mathrm{eV}$ with the QUAX--$a\ensuremath{\gamma}$ experiment},
  author = {Alesini, D. and Braggio, C. and Carugno, G. and Crescini, N. and D'Agostino, D. and Di Gioacchino, D. and Di Vora, R. and Falferi, P. and Gambardella, U. and Gatti, C. and Iannone, G. and Ligi, C. and Lombardi, A. and Maccarrone, G. and Ortolan, A. and Pengo, R. and Rettaroli, A. and Ruoso, G. and Taffarello, L. and Tocci, S.},
  journal = {Phys. Rev. D},
  volume = {103},
  issue = {10},
  pages = {102004},
  numpages = {7},
  year = {2021},
  month = {May},
  publisher = {American Physical Society},
  doi = {10.1103/PhysRevD.103.102004},
  url = {https://link.aps.org/doi/10.1103/PhysRevD.103.102004}
}


@inproceedings{Lisanti:2016jxe,
    author = "Lisanti, Mariangela",
    title = "{Lectures on Dark Matter Physics}",
    booktitle = "{Theoretical Advanced Study Institute in Elementary Particle Physics}: {New Frontiers in Fields and Strings}",
    eprint = "1603.03797",
    archivePrefix = "arXiv",
    primaryClass = "hep-ph",
    doi = "10.1142/9789813149441_0007",
    pages = "399--446",
    year = "2017"
}

@article{Diemand:2008in,
    author = "Diemand, J. and Kuhlen, M. and Madau, P. and Zemp, M. and Moore, B. and Potter, D. and Stadel, J.",
    title = "{Clumps and streams in the local dark matter distribution}",
    eprint = "0805.1244",
    archivePrefix = "arXiv",
    primaryClass = "astro-ph",
    doi = "10.1038/nature07153",
    journal = "Nature",
    volume = "454",
    pages = "735--738",
    year = "2008"
}

@article{Springel:2008cc,
    author = "Springel, Volker and Wang, Jie and Vogelsberger, Mark and Ludlow, Aaron and Jenkins, Adrian and Helmi, Amina and Navarro, Julio F. and Frenk, Carlos S. and White, Simon D. M.",
    title = "{The Aquarius Project: the subhalos of galactic halos}",
    eprint = "0809.0898",
    archivePrefix = "arXiv",
    primaryClass = "astro-ph",
    doi = "10.1111/j.1365-2966.2008.14066.x",
    journal = "Mon. Not. Roy. Astron. Soc.",
    volume = "391",
    pages = "1685--1711",
    year = "2008"
}

@ARTICLE{Blumenthal:1985qy,
       author = {{Blumenthal}, G.~R. and {Faber}, S.~M. and {Flores}, R. and {Primack}, J.~R.},
        title = "{Contraction of Dark Matter Galactic Halos Due to Baryonic Infall}",
      journal = {\apj},
     keywords = {Baryons, Galactic Evolution, Galactic Rotation, Galactic Structure, Gravitational Collapse, Missing Mass (Astrophysics), Astronomical Models, Halos, Interstellar Matter, Many Body Problem, Mass Distribution, Spiral Galaxies, Astrophysics, GALAXIES: EVOLUTION, GALAXIES: INTERNAL MOTIONS, GALAXIES: STRUCTURE, INTERSTELLAR: MATTER},
         year = 1986,
        month = feb,
       volume = {301},
        pages = {27},
          doi = {10.1086/163867},
       adsurl = {https://ui.adsabs.harvard.edu/abs/1986ApJ...301...27B},
      adsnote = {Provided by the SAO/NASA Astrophysics Data System}
}

@article{Gnedin:2004cx,
    author = "Gnedin, Oleg Y. and Kravtsov, Andrey V. and Klypin, Anatoly A. and Nagai, Daisuke",
    title = "{Response of dark matter halos to condensation of baryons: Cosmological simulations and improved adiabatic contraction model}",
    eprint = "astro-ph/0406247",
    archivePrefix = "arXiv",
    doi = "10.1086/424914",
    journal = "Astrophys. J.",
    volume = "616",
    pages = "16--26",
    year = "2004"
}

@article{Mashchenko:2007jp,
    author = "Mashchenko, Sergey and Wadsley, James and Couchman, H. M. P.",
    title = "{Stellar Feedback in Dwarf Galaxy Formation}",
    eprint = "0711.4803",
    archivePrefix = "arXiv",
    primaryClass = "astro-ph",
    doi = "10.1126/science.1148666",
    journal = "Science",
    volume = "319",
    pages = "174",
    year = "2008"
}

@article{Governato:2009bg,
    author = "Governato, Fabio and others",
    title = "{At the heart of the matter: the origin of bulgeless dwarf galaxies and Dark Matter cores}",
    eprint = "0911.2237",
    archivePrefix = "arXiv",
    primaryClass = "astro-ph.CO",
    doi = "10.1038/nature08640",
    journal = "Nature",
    volume = "463",
    pages = "203--206",
    year = "2010"
}

@article{Navarro:1995iw,
    author = "Navarro, Julio F. and Frenk, Carlos S. and White, Simon D. M.",
    title = "{The Structure of cold dark matter halos}",
    eprint = "astro-ph/9508025",
    archivePrefix = "arXiv",
    doi = "10.1086/177173",
    journal = "Astrophys. J.",
    volume = "462",
    pages = "563--575",
    year = "1996"
}

@article{Burkert:1995yz,
    author = "Burkert, A.",
    title = "{The Structure of dark matter halos in dwarf galaxies}",
    eprint = "astro-ph/9504041",
    archivePrefix = "arXiv",
    doi = "10.1086/309560",
    journal = "Astrophys. J. Lett.",
    volume = "447",
    pages = "L25",
    year = "1995"
}


@article{SignalLineShapeI,
  title = {Periodic signatures for the detection of cosmic axions},
  author = {Turner, Michael S.},
  journal = {Phys. Rev. D},
  volume = {42},
  issue = {10},
  pages = {3572--3575},
  numpages = {0},
  year = {1990},
  month = {Nov},
  publisher = {American Physical Society},
  doi = {10.1103/PhysRevD.42.3572},
  url = {https://link.aps.org/doi/10.1103/PhysRevD.42.3572}
}

@article{SikivieI,
  title = {Experimental Tests of the "Invisible" Axion},
  author = {Sikivie, P.},
  journal = {Phys. Rev. Lett.},
  volume = {51},
  issue = {16},
  pages = {1415--1417},
  numpages = {0},
  year = {1983},
  month = {Oct},
  publisher = {American Physical Society},
  doi = {10.1103/PhysRevLett.51.1415},
  url = {https://link.aps.org/doi/10.1103/PhysRevLett.51.1415}
}

@article{SikivieII,
  title = {Detection rates for ``invisible''-axion searches},
  author = {Sikivie, P.},
  journal = {Phys. Rev. D},
  volume = {32},
  issue = {11},
  pages = {2988--2991},
  numpages = {0},
  year = {1985},
  month = {Dec},
  publisher = {American Physical Society},
  doi = {10.1103/PhysRevD.32.2988},
  url = {https://link.aps.org/doi/10.1103/PhysRevD.32.2988}
}




@article{ADMXI,
  title = {Results from a High-Sensitivity Search for Cosmic Axions},
  author = {Hagmann, C. and Kinion, D. and Stoeffl, W. and van Bibber, K. and Daw, E. and Peng, H. and Rosenberg, Leslie J and LaVeigne, J. and Sikivie, P. and Sullivan, N. S. and Tanner, D. B. and Nezrick, F. and Turner, Michael S. and Moltz, D. M. and Powell, J. and Golubev, N. A.},
  journal = {Phys. Rev. Lett.},
  volume = {80},
  issue = {10},
  pages = {2043--2046},
  numpages = {0},
  year = {1998},
  month = {Mar},
  publisher = {American Physical Society},
  doi = {10.1103/PhysRevLett.80.2043},
  url = {https://link.aps.org/doi/10.1103/PhysRevLett.80.2043}
}

@article{ADMXII,
	doi = {10.1086/341130},
	url = {https://doi.org/10.1086/341130},
	year = 2002,
	month = {may},
	publisher = {American Astronomical Society},
	volume = {571},
	number = {1},
	pages = {L27--L30},
	author = {S. J. Asztalos and E. Daw and H. Peng and L. J Rosenberg and D. B. Yu and C. Hagmann and D. Kinion and W. Stoeffl and K. van Bibber and J. LaVeigne and P. Sikivie and N. S. Sullivan and D. B. Tanner and F. Nezrick and D. M. Moltz},
	title = {Experimental Constraints on the Axion Dark Matter Halo Density},
	journal = {The Astrophysical Journal},
	
}

@article{ADMXIII,
  title = {Improved rf cavity search for halo axions},
  author = {Asztalos, S. J. and Bradley, R. F. and Duffy, L. and Hagmann, C. and Kinion, D. and Moltz, D. M. and Rosenberg, L. J. and Sikivie, P. and Stoeffl, W. and Sullivan, N. S. and Tanner, D. B. and van Bibber, K. and Yu, D. B.},
  journal = {Phys. Rev. D},
  volume = {69},
  issue = {1},
  pages = {011101},
  numpages = {5},
  year = {2004},
  month = {Jan},
  publisher = {American Physical Society},
  doi = {10.1103/PhysRevD.69.011101},
  url = {https://link.aps.org/doi/10.1103/PhysRevD.69.011101}
}


@article{ADMXIV,
  title = {SQUID-Based Microwave Cavity Search for Dark-Matter Axions},
  author = {Asztalos, S. J. and Carosi, G. and Hagmann, C. and Kinion, D. and van Bibber, K. and Hotz, M. and Rosenberg, L. J and Rybka, G. and Hoskins, J. and Hwang, J. and Sikivie, P. and Tanner, D. B. and Bradley, R. and Clarke, J.},
  journal = {Phys. Rev. Lett.},
  volume = {104},
  issue = {4},
  pages = {041301},
  numpages = {4},
  year = {2010},
  month = {Jan},
  publisher = {American Physical Society},
  doi = {10.1103/PhysRevLett.104.041301},
  url = {https://link.aps.org/doi/10.1103/PhysRevLett.104.041301}
}


@article{ADMXV,
  title = {Search for Invisible Axion Dark Matter with the Axion Dark Matter Experiment},
  author = {Du, N. and Force, N. and Khatiwada, R. and Lentz, E. and Ottens, R. and Rosenberg, L. J and Rybka, G. and Carosi, G. and Woollett, N. and Bowring, D. and Chou, A. S. and Sonnenschein, A. and Wester, W. and Boutan, C. and Oblath, N. S. and Bradley, R. and Daw, E. J. and Dixit, A. V. and Clarke, J. and O'Kelley, S. R. and Crisosto, N. and Gleason, J. R. and Jois, S. and Sikivie, P. and Stern, I. and Sullivan, N. S. and Tanner, D. B and Hilton, G. C.},
  collaboration = {ADMX Collaboration},
  journal = {Phys. Rev. Lett.},
  volume = {120},
  issue = {15},
  pages = {151301},
  numpages = {5},
  year = {2018},
  month = {Apr},
  publisher = {American Physical Society},
  doi = {10.1103/PhysRevLett.120.151301},
  url = {https://link.aps.org/doi/10.1103/PhysRevLett.120.151301}
}


@article{ADMXVI,
  title = {Extended Search for the Invisible Axion with the Axion Dark Matter Experiment},
  author = {Braine, T. and Cervantes, R. and Crisosto, N. and Du, N. and Kimes, S. and Rosenberg, L. J. and Rybka, G. and Yang, J. and Bowring, D. and Chou, A. S. and Khatiwada, R. and Sonnenschein, A. and Wester, W. and Carosi, G. and Woollett, N. and Duffy, L. D. and Bradley, R. and Boutan, C. and Jones, M. and LaRoque, B. H. and Oblath, N. S. and Taubman, M. S. and Clarke, J. and Dove, A. and Eddins, A. and O'Kelley, S. R. and Nawaz, S. and Siddiqi, I. and Stevenson, N. and Agrawal, A. and Dixit, A. V. and Gleason, J. R. and Jois, S. and Sikivie, P. and Solomon, J. A. and Sullivan, N. S. and Tanner, D. B. and Lentz, E. and Daw, E. J. and Buckley, J. H. and Harrington, P. M. and Henriksen, E. A. and Murch, K. W.},
  collaboration = {ADMX Collaboration},
  journal = {Phys. Rev. Lett.},
  volume = {124},
  issue = {10},
  pages = {101303},
  numpages = {6},
  year = {2020},
  month = {Mar},
  publisher = {American Physical Society},
  doi = {10.1103/PhysRevLett.124.101303},
  url = {https://link.aps.org/doi/10.1103/PhysRevLett.124.101303}
}

@article{ADMXVII,
    author = "Bartram, C. and others",
    collaboration = {ADMX Collaboration},
    title = "{Search for Invisible Axion Dark Matter in the 3.3\textendash{}4.2\,\,\ensuremath{\mu}eV Mass Range}",
    doi = "10.1103/PhysRevLett.127.261803",
    journal = "Phys. Rev. Lett.",
    volume = "127",
    number = "26",
    pages = "261803",
    year = "2021"
}


@article{ADMXVIII,
    author = "Bartram, C. and others",
    collaboration = "ADMX",
    title = "{Axion dark matter experiment: Run 1B analysis details}",
    eprint = "2010.06183",
    archivePrefix = "arXiv",
    primaryClass = "astro-ph.CO",
    reportNumber = "FERMILAB-PUB-20-573-AD-AE",
    doi = "10.1103/PhysRevD.103.032002",
    journal = "Phys. Rev. D",
    volume = "103",
    number = "3",
    pages = "032002",
    year = "2021"
}

@article{HAYSTACI,
   title={A quantum enhanced search for dark matter axions},
   volume={590},
   ISSN={1476-4687},
   url={http://dx.doi.org/10.1038/s41586-021-03226-7},
   DOI={10.1038/s41586-021-03226-7},
   number={7845},
   journal={Nature},
   publisher={Springer Science and Business Media LLC},
   author={Backes, K. M. and Palken, D. A. and Kenany, S. Al and Brubaker, B. M. and Cahn, S. B. and Droster, A. and Hilton, Gene C. and Ghosh, Sumita and Jackson, H. and Lamoreaux, S. K. and et al.},
   year={2021},
   month={Feb},
   pages={238–242}
}

@article{HAYSTACII,
   title={HAYSTAC axion search analysis procedure},
   volume={96},
   ISSN={2470-0029},
   url={http://dx.doi.org/10.1103/PhysRevD.96.123008},
   DOI={10.1103/physrevd.96.123008},
   number={12},
   journal={Physical Review D},
   publisher={American Physical Society (APS)},
   author={Brubaker, B. M. and Zhong, L. and Lamoreaux, S. K. and Lehnert, K. W. and van Bibber, K. A.},
   year={2017},
   month={Dec}
}

@article{HAYSTACIII,
    author = "Brubaker, B. M. and others",
    title = "{First results from a microwave cavity axion search at 24 $\mu$eV}",
    eprint = "1610.02580",
    archivePrefix = "arXiv",
    primaryClass = "astro-ph.CO",
    doi = "10.1103/PhysRevLett.118.061302",
    journal = "Phys. Rev. Lett.",
    volume = "118",
    number = "6",
    pages = "061302",
    year = "2017"
}


@article{HAYSTACIV,
    author = "Zhong, L. and others",
    collaboration = "HAYSTAC",
    title = "{Results from phase 1 of the HAYSTAC microwave cavity axion experiment}",
    eprint = "1803.03690",
    archivePrefix = "arXiv",
    primaryClass = "hep-ex",
    doi = "10.1103/PhysRevD.97.092001",
    journal = "Phys. Rev. D",
    volume = "97",
    number = "9",
    pages = "092001",
    year = "2018"
}

@article{CAPPI,
  title = {First Results from an Axion Haloscope at CAPP around $10.7\text{ }\text{ }\ensuremath{\mu}\mathrm{eV}$},
  author = {Kwon, Ohjoon and Lee, Doyu and Chung, Woohyun and Ahn, Danho and Byun, HeeSu and Caspers, Fritz and Choi, Hyoungsoon and Choi, Jihoon and Chong, Yonuk and Jeong, Hoyong and Jeong, Junu and Kim, Jihn E. and Kim, Jinsu and Kutlu, \ifmmode \mbox{\c{C}}\else \c{C}\fi{}a\ifmmode \breve{g}\else \u{g}\fi{}lar and Lee, Jihnhwan and Lee, MyeongJae and Lee, Soohyung and Matlashov, Andrei and Oh, Seonjeong and Park, Seongtae and Uchaikin, Sergey and Youn, SungWoo and Semertzidis, Yannis K.},
  journal = {Phys. Rev. Lett.},
  volume = {126},
  issue = {19},
  pages = {191802},
  numpages = {6},
  year = {2021},
  month = {May},
  publisher = {American Physical Society},
  doi = {10.1103/PhysRevLett.126.191802},
  url = {https://link.aps.org/doi/10.1103/PhysRevLett.126.191802}
}

@article{CAPPII,
    author = "Lee, S. and Ahn, S. and Choi, J. and Ko, B. R. and Semertzidis, Y. K.",
    title = "{Axion Dark Matter Search around 6.7 $\mu$eV}",
    eprint = "2001.05102",
    archivePrefix = "arXiv",
    primaryClass = "hep-ex",
    doi = "10.1103/PhysRevLett.124.101802",
    journal = "Phys. Rev. Lett.",
    volume = "124",
    number = "10",
    pages = "101802",
    year = "2020"
}

@article{CAPPIII,
    author = "Jeong, Junu and Youn, SungWoo and Bae, Sungjae and Kim, Jihngeun and Seong, Taehyeon and Kim, Jihn E. and Semertzidis, Yannis K.",
    title = "{Search for Invisible Axion Dark Matter with a Multiple-Cell Haloscope}",
    eprint = "2008.10141",
    archivePrefix = "arXiv",
    primaryClass = "hep-ex",
    doi = "10.1103/PhysRevLett.125.221302",
    journal = "Phys. Rev. Lett.",
    volume = "125",
    number = "22",
    pages = "221302",
    year = "2020"
}

@article{strongCPI,
  title = {$\mathrm{CP}$ Conservation in the Presence of Pseudoparticles},
  author = {Peccei, R. D. and Quinn, Helen R.},
  journal = {Phys. Rev. Lett.},
  volume = {38},
  issue = {25},
  pages = {1440--1443},
  numpages = {0},
  year = {1977},
  month = {Jun},
  publisher = {American Physical Society},
  doi = {10.1103/PhysRevLett.38.1440},
  url = {https://link.aps.org/doi/10.1103/PhysRevLett.38.1440}
}

@article{strongCPII,
  title = {A New Light Boson?},
  author = {Weinberg, Steven},
  journal = {Phys. Rev. Lett.},
  volume = {40},
  issue = {4},
  pages = {223--226},
  numpages = {0},
  year = {1978},
  month = {Jan},
  publisher = {American Physical Society},
  doi = {10.1103/PhysRevLett.40.223},
  url = {https://link.aps.org/doi/10.1103/PhysRevLett.40.223}
}

@article{strongCPIII,
  title = {Problem of Strong $P$ and $T$ Invariance in the Presence of Instantons},
  author = {Wilczek, F.},
  journal = {Phys. Rev. Lett.},
  volume = {40},
  issue = {5},
  pages = {279--282},
  numpages = {0},
  year = {1978},
  month = {Jan},
  publisher = {American Physical Society},
  doi = {10.1103/PhysRevLett.40.279},
  url = {https://link.aps.org/doi/10.1103/PhysRevLett.40.279}
}


@article{EDM,
    author = "Abel, C. and others",
    collaboration = "nEDM",
    title = "{Measurement of the permanent electric dipole moment of the neutron}",
    eprint = "2001.11966",
    archivePrefix = "arXiv",
    primaryClass = "hep-ex",
    doi = "10.1103/PhysRevLett.124.081803",
    journal = "Phys. Rev. Lett.",
    volume = "124",
    number = "8",
    pages = "081803",
    year = "2020"
}

@article{axionDMI,
  title = {Bose-Einstein Condensation of Dark Matter Axions},
  author = {Sikivie, P. and Yang, Q.},
  journal = {Phys. Rev. Lett.},
  volume = {103},
  issue = {11},
  pages = {111301},
  numpages = {4},
  year = {2009},
  month = {Sep},
  publisher = {American Physical Society},
  doi = {10.1103/PhysRevLett.103.111301},
  url = {https://link.aps.org/doi/10.1103/PhysRevLett.103.111301}
}



@article{axionDMII,
title = "The emerging case for axion dark matter",
author = "P. Sikivie",
journal = "Physics Letters B",
volume = "695",
number = "1",
pages = "22 - 25",
year = "2011",
issn = "0370-2693",
doi = "https://doi.org/10.1016/j.physletb.2010.11.027",
url = "http://www.sciencedirect.com/science/article/pii/S037026931001302X"
}

@article{axionDMIII,
  title = {Axions and the galactic angular momentum distribution},
  author = {Banik, N. and Sikivie, P.},
  journal = {Phys. Rev. D},
  volume = {88},
  issue = {12},
  pages = {123517},
  numpages = {20},
  year = {2013},
  month = {Dec},
  publisher = {American Physical Society},
  doi = {10.1103/PhysRevD.88.123517},
  url = {https://link.aps.org/doi/10.1103/PhysRevD.88.123517}
}


@article{QCDCalI,
    author = "Borsanyi, Sz. and others",
    title = "{Calculation of the axion mass based on high-temperature lattice quantum chromodynamics}",
    eprint = "1606.07494",
    archivePrefix = "arXiv",
    primaryClass = "hep-lat",
    reportNumber = "DESY-16-105",
    doi = "10.1038/nature20115",
    journal = "Nature",
    volume = "539",
    number = "7627",
    pages = "69--71",
    year = "2016"
}

@article{QCDCalII,
    author = "Dine, Michael and Draper, Patrick and Stephenson-Haskins, Laurel and Xu, Di",
    title = "{Axions, Instantons, and the Lattice}",
    eprint = "1705.00676",
    archivePrefix = "arXiv",
    primaryClass = "hep-ph",
    doi = "10.1103/PhysRevD.96.095001",
    journal = "Phys. Rev. D",
    volume = "96",
    number = "9",
    pages = "095001",
    year = "2017"
}

@article{QCDCalIII,
    author = "Hiramatsu, Takashi and Kawasaki, Masahiro and Sekiguchi, Toyokazu and Yamaguchi, Masahide and Yokoyama, Jun'ichi",
    title = "{Improved estimation of radiated axions from cosmological axionic strings}",
    eprint = "1012.5502",
    archivePrefix = "arXiv",
    primaryClass = "hep-ph",
    reportNumber = "IPMU10-0229, RESCEU-29-10, YITP-10-111",
    doi = "10.1103/PhysRevD.83.123531",
    journal = "Phys. Rev. D",
    volume = "83",
    pages = "123531",
    year = "2011"
}

@article{QCDCalIV,
    author = "Kawasaki, Masahiro and Saikawa, Ken'ichi and Sekiguchi, Toyokazu",
    title = "{Axion dark matter from topological defects}",
    eprint = "1412.0789",
    archivePrefix = "arXiv",
    primaryClass = "hep-ph",
    reportNumber = "ICRR-REPORT-696-2014-22, IPMU14-0348",
    doi = "10.1103/PhysRevD.91.065014",
    journal = "Phys. Rev. D",
    volume = "91",
    number = "6",
    pages = "065014",
    year = "2015"
}

@article{QCDCalV,
    author = "Berkowitz, Evan and Buchoff, Michael I. and Rinaldi, Enrico",
    title = "{Lattice QCD input for axion cosmology}",
    eprint = "1505.07455",
    archivePrefix = "arXiv",
    primaryClass = "hep-ph",
    reportNumber = "LLNL-JRNL-671143, INT-PUB-15-017",
    doi = "10.1103/PhysRevD.92.034507",
    journal = "Phys. Rev. D",
    volume = "92",
    number = "3",
    pages = "034507",
    year = "2015"
}

@article{QCDCalVI,
    author = "Fleury, Leesa and Moore, Guy D.",
    title = "{Axion dark matter: strings and their cores}",
    eprint = "1509.00026",
    archivePrefix = "arXiv",
    primaryClass = "hep-ph",
    doi = "10.1088/1475-7516/2016/01/004",
    journal = "JCAP",
    volume = "01",
    pages = "004",
    year = "2016"
}

@article{QCDCalVII,
    author = "Bonati, Claudio and D'Elia, Massimo and Mariti, Marco and Martinelli, Guido and Mesiti, Michele and Negro, Francesco and Sanfilippo, Francesco and Villadoro, Giovanni",
    title = "{Axion phenomenology and $\theta$-dependence from $N_f = 2+1$ lattice QCD}",
    eprint = "1512.06746",
    archivePrefix = "arXiv",
    primaryClass = "hep-lat",
    reportNumber = "IFUP-TH-2015-15",
    doi = "10.1007/JHEP03(2016)155",
    journal = "JHEP",
    volume = "03",
    pages = "155",
    year = "2016"
}

@article{QCDCalVIII,
    author = "Petreczky, Peter and Schadler, Hans-Peter and Sharma, Sayantan",
    title = "{The topological susceptibility in finite temperature QCD and axion cosmology}",
    eprint = "1606.03145",
    archivePrefix = "arXiv",
    primaryClass = "hep-lat",
    doi = "10.1016/j.physletb.2016.09.063",
    journal = "Phys. Lett. B",
    volume = "762",
    pages = "498--505",
    year = "2016"
}

@article{QCDCalIX,
    author = "Ballesteros, Guillermo and Redondo, Javier and Ringwald, Andreas and Tamarit, Carlos",
    title = "{Unifying inflation with the axion, dark matter, baryogenesis and the seesaw mechanism}",
    eprint = "1608.05414",
    archivePrefix = "arXiv",
    primaryClass = "hep-ph",
    reportNumber = "DESY-16-049, IPPP-16-25",
    doi = "10.1103/PhysRevLett.118.071802",
    journal = "Phys. Rev. Lett.",
    volume = "118",
    number = "7",
    pages = "071802",
    year = "2017"
}

@article{QCDCalX,
    author = "Klaer, Vincent B. . and Moore, Guy D.",
    title = "{The dark-matter axion mass}",
    eprint = "1708.07521",
    archivePrefix = "arXiv",
    primaryClass = "hep-ph",
    doi = "10.1088/1475-7516/2017/11/049",
    journal = "JCAP",
    volume = "11",
    pages = "049",
    year = "2017"
}

@article{QCDCalXI,
    author = "Buschmann, Malte and Foster, Joshua W. and Safdi, Benjamin R.",
    title = "{Early-Universe Simulations of the Cosmological Axion}",
    eprint = "1906.00967",
    archivePrefix = "arXiv",
    primaryClass = "astro-ph.CO",
    reportNumber = "LCTP-19-08",
    doi = "10.1103/PhysRevLett.124.161103",
    journal = "Phys. Rev. Lett.",
    volume = "124",
    number = "16",
    pages = "161103",
    year = "2020"
}

@article{QCDCalXII,
    author = "Gorghetto, Marco and Hardy, Edward and Villadoro, Giovanni",
    title = "{More axions from strings}",
    eprint = "2007.04990",
    archivePrefix = "arXiv",
    primaryClass = "hep-ph",
    doi = "10.21468/SciPostPhys.10.2.050",
    journal = "SciPost Phys.",
    volume = "10",
    number = "2",
    pages = "050",
    year = "2021"
}

@article{QCDCalXIII,
    author = "Buschmann, Malte and Foster, Joshua W. and Hook, Anson and Peterson, Adam and Willcox, Don E. and Zhang, Weiqun and Safdi, Benjamin R.",
    title = "{Dark Matter from Axion Strings with Adaptive Mesh Refinement}",
    eprint = "2108.05368",
    archivePrefix = "arXiv",
    primaryClass = "hep-ph",
    month = "8",
    year = "2021"
}


@article{KSVZI,
    author = "Kim, Jihn E.",
    title = "{Weak Interaction Singlet and Strong CP Invariance}",
    reportNumber = "UPR-0120T",
    doi = "10.1103/PhysRevLett.43.103",
    journal = "Phys. Rev. Lett.",
    volume = "43",
    pages = "103",
    year = "1979"
}

@article{KSVZII,
    author = "Shifman, Mikhail A. and Vainshtein, A. I. and Zakharov, Valentin I.",
    title = "{Can Confinement Ensure Natural CP Invariance of Strong Interactions?}",
    reportNumber = "ITEP-64-1979",
    doi = "10.1016/0550-3213(80)90209-6",
    journal = "Nucl. Phys. B",
    volume = "166",
    pages = "493--506",
    year = "1980"
}


@article{DFSZI,
    author = "Dine, Michael and Fischler, Willy and Srednicki, Mark",
    title = "{A Simple Solution to the Strong CP Problem with a Harmless Axion}",
    reportNumber = "Print-81-0320 (IAS,PRINCETON)",
    doi = "10.1016/0370-2693(81)90590-6",
    journal = "Phys. Lett. B",
    volume = "104",
    pages = "199--202",
    year = "1981"
}

@article{DFSZII,
    author = "Zhitnitsky, A. R.",
    title = "{On Possible Suppression of the Axion Hadron Interactions. (In Russian)}",
    journal = "Sov. J. Nucl. Phys.",
    volume = "31",
    pages = "260",
    year = "1980"
}

@article{PDG,
    author = "Zyla, P. A. and others",
    collaboration = "Particle Data Group",
    title = "{Review of Particle Physics}",
    doi = "10.1093/ptep/ptaa104",
    journal = "PTEP",
    volume = "2020",
    number = "8",
    pages = "083C01",
    year = "2021"
}


@article{SGFilter,
   title={Smoothing and Differentiation of Data by Simplified Least Squares Procedures},
   volume={36},
   ISSN={2470-0029},
   url={https://doi.org/10.1021/ac60214a047},
   number={8},
   pages={1627--1639},
   journal={Anal. Chem.},
   publisher={American Chemical Society},
   author={Abraham. Savitzky and M. J. E. Golay},
   year={1964},
   month={July},
   day={1}
}

